@TechReport{daisy-def,
  author = 	 {S{\o}ren Hansen and Henry E. Jensen and Niels Erik
		  Nielsen and Henrik Svendsen},
  title = 	 {\Daisy{} --- Soil Plant Atmostphere System Model},
  institution =  {Milj{\o}styrelsen},
  year = 	 1990,
  number =	 {A10}
}


@Unpublished{daisy-new,
  author = 	 {S{\o}ren Hansen},
  title = 	 {Daisy, a flexible Soil-Plant-Atmosphere system Model},
  note = 	 {\verb|<URL:http://www.dina.kvl.dk/~daisy/>|},
  year = 	 2002,
  month =        feb
}

@Unpublished{daisy-tut,
  author = 	 {Per Abrahamsen},
  title = 	 {\Daisy{} Tutorial},
  note = 	 {\verb|<URL:http://www.dina.kvl.dk/~daisy/>|},
  year = 	 2002,
  month = 	 feb
}

@Misc{daisy-project,
  author =	 {Lars Peter Fischer and S{\o}ren Hansen},
  title =	 {\Daisy{}-{II} Bagrund og Systemanalyse},
  howpublished = {Dina Review},
  year =	 1994,
  month =	 may
}

@Unpublished{daisy-guide,
  author = 	 {Per Abrahamsen},
  title = 	 {Daisy Programmers Guide},
  note = 	 {\verb|<URL:http://www.dina.kvl.dk/~daisy/>|},
  year =	 1997,
  month =	 oct,
}

@Unpublished{c-api,
  author = 	 {Per Abrahamsen},
  title = 	 {The \Daisy{} C \Api{}},
  note = 	 {\verb|<URL:http://www.dina.kvl.dk/~daisy/>|},
  year =	 1998,
  month =	 may,
}

@InProceedings{emacs-custom,
  author = 	 {Per Abrahamsen},
  title = 	 {The Design of Emacs Custom},
  booktitle = 	 {Online Proceedings of m17n99},
  year =         1999,
  month =        mar,
  note =	 {\verb|<URL:http://www.m17n.org/m17n99_all_but_registration/proceedings.html>|}
}

@TechReport{dina76,
  author = 	 {Per Abrahamsen and S{\o}ren Hansen},
  title = 	 {Daisy: An Open Soil-Crop Model},
  institution =  {{Dina KVL}},
  year = 	 1998,
  number =	 76,
  month =	 oct,
  note = 	 {\verb|<URL:http://www.dina.kvl.dk/~daisy/>|},
}

@TechReport{dina81,
  Author = 	 {Per Abrahamsen},
  title = 	 {Daisy Program Reference Manual},
  institution =  {dina kvl},
  year = 	 1999,
  number =	 81,
  month =	 mar,
  note = 	 {\verb|<URL:http://www.dina.kvl.dk/~daisy/>|},
}

@Article{daisy-ems,
  author = 	 {Per Abrahamsen and S{\o}ren Hansen},
  title = 	 {Daisy: An Open Soil-Crop-Atmosphere Model},
  journal = 	 {Environmental Modelling and Software},
  year = 	 2000,
  number =	 15,
  pages =	 {313--330}
}

@Article{daisy-fertilizer,
  author = 	 {S{\o}ren Hansen and Henry E. Jensen and Niels Erik
		  Nielsen and Henrik Svendsen},
  title = 	 {Simulation of Nitrogen Dynamics and Biomass
                  Production in Winter Wheat using the {D}anish
                  Simulation model Daisy},
  journal = 	 {Fertilizer Research},
  year = 	 1991,
  number =	 27,
  pages =	 {245--259}
}
