@TechReport{daisy-def,
  author = 	 {S{\o}ren Hansen and Henry E. Jensen and Niels Erik
		  Nielsen and Henrik Svendsen},
  title = 	 {\Daisy{} --- Soil Plant Atmostphere System Model},
  note = 	 {\url{http://www.dina.kvl.dk/~daisy/}},
  institution =  {Milj{\o}styrelsen},
  year = 	 1990,
  number =	 {A10}
}


@Unpublished{daisy-new,
  author = 	 {S{\o}ren Hansen},
  title = 	 {Daisy, a flexible Soil-Plant-Atmosphere system Model},
  note = 	 {\url{http://www.dina.kvl.dk/~daisy/}},
  year = 	 2002,
  month =        feb
}

@Manual{daisy-tut,
  author = 	 {Per Abrahamsen},
  title = 	 {\Daisy{} Tutorial},
  institution =  {KVL},
  note = 	 {\url{http://www.dina.kvl.dk/~daisy/}},
  year = 	 2003
}

@Misc{daisy-project,
  author =	 {Lars Peter Fischer and S{\o}ren Hansen},
  title =	 {\Daisy{}-{II} Bagrund og Systemanalyse},
  howpublished = {Dina Review},
  year =	 1994,
  month =	 may
}

@Unpublished{daisy-guide,
  author = 	 {Per Abrahamsen},
  title = 	 {Daisy Programmers Guide},
  note = 	 {\url{http://www.dina.kvl.dk/~daisy/}},
  year =	 1997,
  month =	 oct,
}

@Unpublished{c-api,
  author = 	 {Per Abrahamsen},
  title = 	 {The \Daisy{} C \Api{}},
  note = 	 {\url{http://www.dina.kvl.dk/~daisy/}},
  year =	 1998,
  month =	 may,
}

@InProceedings{emacs-custom,
  author = 	 {Per Abrahamsen},
  title = 	 {The Design of Emacs Custom},
  booktitle = 	 {Online Proceedings of m17n99},
  year =         1999,
  month =        mar,
  note =	 {\url{http://www.m17n.org/m17n99_all_but_registration/proceedings.html}}
}

@TechReport{dina76,
  author = 	 {Per Abrahamsen and S{\o}ren Hansen},
  title = 	 {Daisy: An Open Soil-Crop Model},
  institution =  {{Dina KVL}},
  year = 	 1998,
  number =	 76,
  month =	 oct,
  note = 	 {\url{http://www.dina.kvl.dk/~daisy/}},
}

@TechReport{dina81,
  author = 	 {Per Abrahamsen},
  title = 	 {Daisy Program Reference Manual},
  institution =  {{Dina KVL}},
  year = 	 1999,
  number =	 81,
  month =	 mar,
  note = 	 {\url{http://www.dina.kvl.dk/~daisy/}},
}

@Manual{daisy-ref,
  author = 	 {Per Abrahamsen},
  title = 	 {Daisy Program Reference Manual},
  institution =  {KVL},
  year =         2003,
  note = 	 {\url{http://www.dina.kvl.dk/~daisy/}},
}

@Article{daisy-ems,
  author = 	 {Per Abrahamsen and S{\o}ren Hansen},
  title = 	 {Daisy: An Open Soil-Crop-Atmosphere Model},
  journal = 	 {Environmental Modelling and Software},
  year = 	 2000,
  number =	 15,
  pages =	 {313--330}
}

@Article{daisy-fertilizer,
  author = 	 {S{\o}ren Hansen and Henry E. Jensen and Niels Erik
		  Nielsen and Henrik Svendsen},
  title = 	 {Simulation of Nitrogen Dynamics and Biomass
                  Production in Winter Wheat using the {D}anish
                  Simulation model Daisy},
  journal = 	 {Fertilizer Research},
  year = 	 1991,
  number =	 27,
  pages =	 {245--259}
}

@Article{daisy-somnew,
  author = 	 {Sander Bruun and Bent T. Christensen and Elly
                  M. Hansen and Jakob Magid and Lars S. jensen},
  title = 	 {Calibration and Validation of the Soil Organic
                  Matter Dynamics of the {D}aisy Model with Data from
                  the {A}skrov long-term experiments},
  journal = 	 {Soil Biology & Biochemistry},
  year = 	 2003,
  note =	 {accepted, but not yet published}
}

@TechReport{jyndevad,
  author = 	 {Ole H{\o}rbye Jacobsen},
  title = 	 {Um{\ae}ttet hydraulisk ledningsevne i nogle danske jorde},
  institution =  {Statens Planteavlsfors{\o}g},
  year = 	 1989,
  number =	 {S2030}
}

@Article{hypres,
  author = 	 {J.H.M. W{\"o}sten and A. Lilly and A. Nemes and C. Le Bas},
  title = 	 {Development and use of a database of hydraulic
                  properties of {E}uropean soils},
  journal = 	 {Geoderma},
  year = 	 1999,
  volume =	 90,
  pages =	 {169--185}
}


@Article{vries-maize,
  author = 	 {F.W.T. Penning de Vries and D.M. Jansen and
                  H.F.M. ten Berge and A. Bakema},
  title = 	 {Simulation of ecophysiological processes of growth
                  in several annual crops},
  journal = 	 {Simulation Monographs},
  year = 	 1989,
  volume =	 29,
  pages =	 {271--}
}

@Misc{retc,
  author =	 {M.T. Van Genuchten and J. Simunek and F.J. Leij and
                  M. Sejna},
  title =	 {RETC --- Code for Quantifying the Hydraulic
                  Functions of Unsaturated Soils.},
  year =	 200,
  note = 	 {\url{http://www.ussl.ars.usda.gov/models/retc/}}
}

@TechReport{percor,
  author = 	 {P. Allerup and H. Madsen and F. Vejen},
  title = 	 {Standardv{\ae}rdier (1961--90) af nedb{\o}rskorrektioner},
  institution =  {Denmarks Meteorologiske Institut},
  year = 	 1998,
  number =	 {98-10}
}

@InCollection{sucros,
  editor =	 {F.W.T Penning de Vries and H.H. van Laar},
  author =	 {H. van Keulen and F.W.T Penning de Vries and E.M. Dress},
  booktitle = 	 {Simulation of plant growth and crop production},
  chapter = 	 {3.1},
  title = 	 {A Summary model for crop growth},
  publisher = 	 {Centre for Agricultural Publishing and Documentation
                  (Pudoc)},
  year = 	 1982,
  number =	 {I11},
  series =	 {Simulation Monographs},
  ISBN      =    {90 220 0809 6},
  pages =	 {87--97}
}

@Article{biomod,
  author =       {Bj{"o}rn M. Petersen and J{"o"}rgen Berntsen and
                  S{"o}ren Hansen and Lars S. Jensen},
  title =        {{CN-SIM} -- a model for the turnover of soil organic
                  matter.  I: Long-term carbon and radiocarbon development.},
  journal =      {Soil Biology & Biochemistry},
  year =         2003,
  note =         {Submitted}
}

