@TechReport{daisy-def,
  author = 	 {S{\o}ren Hansen and Henry E. Jensen and Niels Erik
		  Nielsen and Henrik Svendsen},
  title = 	 {\Daisy{} --- Soil Plant Atmostphere System Model},
  url = 	 {http://www.mst.dk/udgiv/Publications/1990/87-503-8790-1/pdf/87-503-8790-1.PDF},
  institution =  {Milj{\o}styrelsen},
  year = 	 1990,
  number =	 {A10}
}


@Unpublished{daisy-new,
  author = 	 {S{\o}ren Hansen},
  title = 	 {\Daisy{}, a flexible Soil-Plant-Atmosphere system Model},
  note = 	 {\url{http://www.dina.kvl.dk/~daisy/ftp/DaisyDescription.doc}},
  year = 	 2002,
  month =        feb
}

@Manual{daisy-tut,
  author = 	 {Per Abrahamsen},
  title = 	 {\Daisy{} Tutorial},
  institution =  {KVL},
  note = 	 {\url{http://www.dina.kvl.dk/~daisy/ftp/daisy-tut.pdf}},
  year = 	 2003
}

@Misc{daisy-project,
  author =	 {Lars Peter Fischer and S{\o}ren Hansen},
  title =	 {\Daisy{}-{II} Bagrund og Systemanalyse},
  howpublished = {Dina Review},
  year =	 1994,
  month =	 may
}

@Unpublished{daisy-guide,
  author = 	 {Per Abrahamsen},
  title = 	 {\Daisy{} Programmers Guide},
  note = 	 {\url{http://www.dina.kvl.dk/~daisy/guide/guide.html}},
  year =	 1997,
  month =	 oct,
}

@Unpublished{c-api,
  author = 	 {Per Abrahamsen},
  title = 	 {The \Daisy{} C \Api{}},
  note = 	 {\url{http://www.dina.kvl.dk/~daisy/c-api/c-api.html}},
  year =	 1998,
  month =	 may,
}

@InProceedings{emacs-custom,
  author = 	 {Per Abrahamsen},
  title = 	 {The Design of Emacs Custom},
  booktitle = 	 {Online Proceedings of m17n99},
  year =         1999,
  month =        mar,
  note =	 {\url{http://www.m17n.org/m17n99_all_but_registration/proceedings.html}}
}

@TechReport{dina76,
  author = 	 {Per Abrahamsen and S{\o}ren Hansen},
  title = 	 {\Daisy{}: An Open Soil-Crop Model},
  institution =  {{Dina KVL}},
  year = 	 1998,
  number =	 76,
  url = 	 {http://www.dina.kvl.dk/~daisy/},
  month =	 oct
}

@TechReport{dina81,
  author = 	 {Per Abrahamsen},
  title = 	 {\Daisy{} Program Reference Manual},
  institution =  {{Dina KVL}},
  year = 	 1999,
  number =	 81,
  month =	 mar,
  url = 	 {http://www.dina.kvl.dk/~daisy/},
}

@Manual{daisy-ref,
  author = 	 {Per Abrahamsen},
  title = 	 {\Daisy{} Program Reference Manual},
  institution =  {KVL},
  year =         2003,
  note = 	 {\url{http://www.dina.kvl.dk/~daisy/ftp/daisy-ref.pdf}},
}

@Article{daisy-ems,
  author = 	 {Per Abrahamsen and S{\o}ren Hansen},
  title = 	 {\Daisy{}: An Open Soil-Crop-Atmosphere Model},
  journal = 	 {Environmental Modelling and Software},
  year = 	 2000,
  month =        mar,
  volume =	 15,
  number =       3,
  pages =	 {313--330}
}

@Article{daisy-fertilizer,
  author = 	 {S{\o}ren Hansen and Henry E. Jensen and Niels Erik
		  Nielsen and Henrik Svendsen},
  title = 	 {Simulation of Nitrogen Dynamics and Biomass
                  Production in Winter Wheat using the {D}anish
                  Simulation model \Daisy{}},
  journal = 	 {Fertilizer Research},
  year = 	 1991,
  volume =	 27,
  pages =	 {245--259}
}

@Article{daisy-somnew,
  author = 	 {Sander Bruun and Bent T. Christensen and Elly
                  M. Hansen and Jakob Magid and Lars Stoumann Jensen},
  title = 	 {Calibration and Validation of the Soil Organic
                  Matter Dynamics of the \Daisy{} Model with Data from
                  the {A}skov long-term experiments},
  journal = 	 {Soil Biology \& Biochemistry},
  year = 	 2003,
  volume =       35,
  number =       1,
  pages =        {67--76}
}


@Article{daisy-init,
  author =       {Sander Bruun and Lars Stoumann Jensen},
  title =        {Initialisation of the soil organic matter pools of the 
                  \daisy{} model},
  journal =      {Ecological Modelling},
  year =         2002,
  number =       153,
  pages =        {291--295}
}

@TechReport{jyndevad,
  author = 	 {Ole H{\o}rbye Jacobsen},
  title = 	 {Um{\ae}ttet hydraulisk ledningsevne i nogle danske jorde},
  institution =  {Statens Planteavlsfors{\o}g},
  year = 	 1989,
  number =	 {S2030}
}

@Article{hypres,
  author = 	 {J.H.M. W{\"o}sten and A. Lilly and A. Nemes and C. Le Bas},
  title = 	 {Development and use of a database of hydraulic
                  properties of {E}uropean soils},
  journal = 	 {Geoderma},
  year = 	 1999,
  volume =	 90,
  pages =	 {169--185}
}


@Article{vries-maize,
  author = 	 {F.W.T. Penning de Vries and D.M. Jansen and
                  H.F.M. ten Berge and A. Bakema},
  title = 	 {Simulation of ecophysiological processes of growth
                  in several annual crops},
  journal = 	 {Simulation Monographs},
  year = 	 1989,
  volume =	 29,
  pages =	 {271--}
}

@Misc{retc,
  author =	 {M.T. Van Genuchten and J. Simunek and F.J. Leij and
                  M. Sejna},
  title =	 {RETC --- Code for Quantifying the Hydraulic
                  Functions of Unsaturated Soils.},
  year =	 200,
  note = 	 {\url{http://www.ussl.ars.usda.gov/models/retc/}}
}

@TechReport{percor,
  author = 	 {P. Allerup and H. Madsen and F. Vejen},
  title = 	 {Standardv{\ae}rdier (1961--90) af nedb{\o}rskorrektioner},
  institution =  {Denmarks Meteorologiske Institut},
  year = 	 1998,
  number =	 {98-10}
}

@InCollection{sucros,
  editor =	 {F.W.T. Penning de Vries and H.H. van Laar},
  author =	 {H. van Keulen and F.W.T Penning de Vries and E.M. Dress},
  booktitle = 	 {Simulation of plant growth and crop production},
  chapter = 	 {3.1},
  title = 	 {A Summary model for crop growth},
  publisher = 	 {Centre for Agricultural Publishing and Documentation
                  (Pudoc)},
  year = 	 1982,
  number =	 {I11},
  series =	 {Simulation Monographs},
  ISBN      =    {90 220 0809 6},
  pages =	 {87--97}
}

@Article{biomod,
  author =       {Bj{\"o}rn M. Petersen and J{"o"}rgen Berntsen and
                  S{\o}ren Hansen and Lars Stoumann Jensen},
  title =        {{CN-SIM} --- a model for the turnover of soil organic
                  matter.  {I}: Long-term carbon and radiocarbon development},
  journal =      {Soil Biology \& Biochemistry},
  year =         2003,
  note =         {Submitted}
}

@Article{biomod2,
  author =       {Bj{\"o}rn M. Petersen and Lars Stoumann Jensen 
                  and S{\o}ren Hansen and Anders Pedersen 
                  and T.M. Henriksen and P. S{\o}rensen and I. Gattin
                  and J{\"o}rgen Berntsen},
  title =        {{CN-SIM} --- a model for the turnover of soil organic matter.
                  {II}: Short term carbon and nitrogen development},
  journal =      {Soil Biology \& Biochemistry},
  year =         2003,
  month =        jun,
  note =         {Submitted}
}

@InCollection{vereecken91-compar,
  author =       {H. Vereecken and E.J. Jansen and M.J.D. Broeke Hackten and M. Swerts and R. Engelke and F. Fabrewiz and S{\o}ren Hansen},
  title =        {Comparison of simulation results of five nitrogen models using different data sets},
  booktitle =    {Soil and Groundwater Research Report {II}: Nitrate in Soils},
  pages =        {321--338},
  publisher =    {Commision of the European Communities},
  year =         1991,
  note =         {Final Report on Contracts EV4V--0098--NL and EV4A--00107--C DG XII}
}

@Article{willigen91-compar,
  author =       {P. de Willigen},
  title =        {Nitrogen turnover in the soil--crop system; comparison of fourteen simulation models},
  journal =      {Fertilizer Research},
  year =         1991,
  volume =       27,
  number =       {2--3},
  pages =        {141--149}
}

@Article{diekkruger95-compar,
  author =       {B. Diekkr{\"u}ger and D. S{\"o}ndgerath and K.C. Kersebaum and C.W. McVoy},
  title =        {Validity of agroecosystem models.  A comparison of results of different models applied to the same data set},
  journal =      {Ecological Modelling},
  year =         1995,
  volume =       81,
  pages =        {3--29}
}

@Article{smith97-compar,
  author =       {P. Smith and J.U. Smith and D.S. Powlson and J.R.M. Arah and O.G. Chertov and K. COleman and U. Franko and S. Frolking and H.K. Gunnewiek and D.S. Jenkinson and Lars Stoumann Jensen and R.H. Kelly and C. Li and J.A.E. Molina and T. Mueller and W.J. Parton and J.H.M. Thornley and A.P. Whitmore},
  title =        {A comparison of the performance of nine soil organic matter models using datasets from seven long-term experiments},
  journal =      {Geoderma},
  year =         1997,
  volume =       81,
  pages =        {1--2, 153--222}
}

@Article{mueller-smb,
  author =       {Torsten M{\"u}ller and Lars Stoumann Jensen and Jakob Magid and Niels Erik Nielsen},
  title =        {Temporal variation of {C} and {N} turnover in soil after oilseed rape incorporation in the field:  Simulation with the soil-plant-atmosphere model \Daisy{}},
  journal =      {Ecological Modelling},
  year =         1997,
  number =       99,
  pages =        {247--262}
}

@Article{mueller-aom,
  author =       {Torsten M{\"u}ller and Lars Stoumann Jensen and Niels Erik
                  Nielsen and Jakob Magid},
  title =        {Turnover of carbon and nitrogen in a sandy loam soil 
                  following incorporation of chopped maize plants, barley
                  straw and blue grass in field},
  journal =      {Soil Biology \& Biochemistry},
  year =         1998,
  number =       30,
  pages =        {567--571}
}

@TechReport{bgj-ptr,
  author =       {Birgitte Gjettermann},
  title =        {Modelling {P} Dynamics in soil 
                  --- Decomposition and Sorption.},
  institution =  {DHI --- Water and Environment},
  year =         2004,
  address =      {H{\o}rsholm, Denmark},
  note =         {Concepts and User Manual.}
}

@TechReport{dk-humus-change,
  author =       {Tove Heidmann and J. Nielsen and S.E. Olesen 
                  and B.T. Christensen and Hans Spelling {\O}stergaard},
  title =        {{\AE}ndringer i indhold af kulstof og kvælstof i dyrket jord:
                  Resultater fra kvadratnettet 1987--1998},
  institution =  {Danmarks JordbrugsForskning},
  year =         2001,
  type =         {DJF rapport},
  number =       54,
  address =      {Forskningscenter Foulum, Postbox 50, 8830 Tjele},
  url = 	 {http://web.agrsci.dk/djfpublikation/djfpdf/djfm54.pdf},
  month =        aug
}

@TechReport{novana,
  author =       {DMU},
  title =        {{NOVANA}.  Det nationale program for overv{\aa}gning 
                  af vandmilj{\o}et og naturen},
  institution =  {Danmarks Milj{\o}unders{\o}gelser},
  year =         2004,
  number =       496,
  url =         {http://www.dmu.dk/Overv%C3%A5gning/NOVANA/}
}

@Article{plantinfo-daisy,
  author =       {Tove Heidmann and Hans Spelling {\O}stergaard and Iver Thysen},
  title =        {Beregning af behov for efterg{\o}dskning med \daisy{}},
  journal =      {M{\aa}nedsmagasinet Mark},
  year =         2004,
  volume =       1,
  pages =        121,
  url =         {http://www.lr.dk/planteavl/diverse/PLK04_11_2_T_Heidmann.pdf}
}

@MISC{FertOrgaNic,
  author =       {Finn Lars Plauborg and João Coutinho and Luisa Dalla Costa and Wladyslaw Mazurczyk
                 and Adriano Battilani and Ján Bízik and Søren Marcus Pedersen and Franti\v{s}ek Dole\v{z}al
                 and Finn Hansen and Søren Hansen and Josef Vacek and Maurizio Borin },
  title =        {{FertOrgaNic --- Improved organic fertiliser management for high nitrogen and water use efficiency and reduced pollution in crop systems (QLK5-2002-01799)}},
  howpublished = {Project homepage},
  year =         {2002},
  note =      {\url{http://www.fertorganic.org/}},
}

@MISC{SAFIR,
  author =       {Finn Lars Plauborg and Adriano Battilani and Christian Richard Jensen and Ragab Ragab
                 and Wolfram Kloppmann and Tony Fletcher and Søren Marcus Pedersen and Merete Styczen
                 and Kostas Chartzoulakis and Adriano Joss and Franciszek Janowiak and Radmila Stikic
                 and Guitong Li and Xuebin Qi and Avi Schweitzer and Luca Sandei and Martin Andersen},
  title =        {{SAFIR --- Safe and High Quality Food Production using Low Quality Waters and Improved Irrigation Systems and Management}},
  howpublished = {Project homepage},
  year =         {2005},
  note =      {\url{http://www.safir4eu.org.org/}},
}


@TECHREPORT{Allerup98,
  AUTHOR =       {Peter Allerup and Henning Madsen and Flemming Vejen},
  TITLE =        {Standardv{\ae}rdier (1961-90)af nedb{\o}rskorrektioner},
  INSTITUTION =  {Danish Meteorological Institute},
  YEAR =         {1998},
  type =         {Technical report},
  number =       {98-10},
}

@TECHREPORT{FAO-PM,
  AUTHOR =       {Richard G. Allen and Luis S. Pereira and Dirk Raes and Martin Smith},
  TITLE =        {Crop Evapotranspiration (guidelines for computing crop water requirements)},
  INSTITUTION =  {FAO},
  YEAR =         {1998},
  type =         {FAO Irrigation and Drainage Paper},
  number =       {56},
  isbn =         {92-5-104219-5}
}

@BOOK{KartoflerLR,
  AUTHOR =       {Asbj{\o}rn S. Mathiesen},
  TITLE =        {Dyrkning af kartofler},
  PUBLISHER =    {Landbrugets R{\aa}dgivningscenter},
  YEAR =         {1999},
  edition =      {3.}
}

@TECHREPORT{daisy-staabi,
  AUTHOR =       {Merete Styczen and S{\o}ren Hansen and Lars Stoumann Jensen 
                  and Henrik Svendsen and Per Abrahamsen and C. D. Børgesen and
                  Christian Thirup and Hans S. {\O}stergaard},
  TITLE =        {Standardopstillinger til {D}aisy-modellen ---
                  Vejledning og baggrund},
  INSTITUTION =  {DHI --- Water and Environment, KVL --- The Royal Veterinary 
                  and Agricultural University, Denmark, DJF --- Danish 
                  Institute of Agricultural Sciences, WaterTech, LR --- Danish
                  Agricultural Advisory Service},
  YEAR =         2005,
  month =        mar,
  url =         {http://www.dina.kvl.dk/~daisy/Daisy_staabi_vers_1-1_270405.pdf},
}

@TechReport{markvand,
  author =       {Finn Plauborg og Jørgen E. Olesen},
  title =        {Udvikling og validering af modellen {MARKVAND} til vandingsstyring i landbruget},
  institution =  {Statens Planteavlsfors{\o}g, Landbrugsministeriet},
  year =         1991,
  number =       {S2113},
  month =        dec
}

@Article{Cosby,
  author =   {B.J. Cosby and G.M. Hornberger and R.B. Clapp and T.R. Ginn},
  title =    {A  statistical exploration of the relationships of soil moisture characteristics to the physical properties of soils.},
  journal =      {Water Resources Research},
  year =     1984,
  volume =   20,
  pages =    {682 -- 690}
}

@Unpublished{org-init,
  author =       {Per Abrahamsen and S{\o}ren Hansen and Henrik Svendsen}, 
  title =        {Initializing organic matter pools},
  year =         2006,
  note =         {Under preparation},
}

@Article{boegh04a,
  author =       {Eva B{\o}gh and Mette Thorsen and Michael Brian Butts and Søren Hansen and J.S. Christiansen and Per Abrahamsen and Charlotte Bay Hasager and Niels Otto Jensen and Peter van der Keur and Jens Christian Refsgaard and Kirsten Schelde and Henrik Søgaard and Anton Thomsen},
  title =        {Incorporating remote sensing data in physically based distributed agro-hydrological modelling},
  journal =      {Journal of Hydrology},
  year =         2004,
  month =        feb,
  volume =       287,
  pages =        {279--299}
}

@InCollection{mikeshe,
  author =       {Jens Christian Refsgaard and B{\o}rge Storm},
  editor =       {Vijay P. Singh},
  booktitle =    {Computer Models of Watershed Hydrology},
  title =        {{MIKE SHE}},
  publisher =    {Water Resource Publications},
  year =         1995
}

@Misc{sdss,
  key =          {SDSS},
  title =        {Assessment of cumulative uncertainty in Spatial Decision Support Systems: Application to examine the contamination of groundwater from diffuse sources},
  year =         1998,
  note =         {EU project}
}

@Article{climate,
  author =       {Jørgen E. Olesen and Gitte H. Rubæk and Tove Heidmann and Søren Hansen and Christen D. Børgensen},
  title =        {Effect of climate change on greenhouse gas emissions from arable crop rotations},
  journal =      {Nutrient Cycling in Agroecosystems},
  year =         2004,
  volume =       20,
  number =       2,
  pages =        {147---160},
  month =        oct
}

@Article{daisygis,
  author =       {Anita Veihe and Niels H. Jensen and Eva B{\o}gh and 
Michael Haldrup Pedersen and Peter Frederiksen},
  title =        {The Power of Models in Planning: The Case of {DaisyGIS} and Nitrate Leaching},
  journal =      {Geografiska Annaler: Series B, Human Geography},
  year =         2006,
  volume =       88,
  number =       2,
  pages =        {215---229},
  month =        {jun}
}

@Article{bgj-dom2,
  author =       {Birgitte Gjettermann and Merete Styczen and Søren Hansen and Ole Kragholm Borggaard and Hans Christian Bruun Hansen},
  title =        {Fractionation of dissolved organic C and P during
sorption to agricultural soil},
  journal =      { Journal of Environmental Quality},
  year =         2006,
  note =         {Submitted}
}

@Article{bgj-dom,
  author =       {Birgitte Gjettermann and Merete Styczen and Hans Christian Bruun Hansen and Finn Vinter and Søren Hansen},
  title =        {Modelling dissolved organic matter dynamics in
agricultural soil using \daisy{}},
  journal =      {Ecological Modeling},
  year =         2006,
  note =         {Submitted}
}

@ARTICLE{Mollerup,
  AUTHOR =       {Mikkel Mollerup and S{\o}ren Hansen},
  TITLE =        {Power series solution for falling-head ponded infiltration},
  JOURNAL =      {Water Resources Research},
  YEAR =         {2007},
  volume =       {43},
  doi =          {10.1029/2006WR004928},
  eid =          {W03425},
  note =         {{W}03425, doi:10.1029/2006{WR}004928},
}

@book{dragon,
 author = {Alfred V. Aho and Jeffrey D. Ullman},
 title = {Principles of Compiler Design (Addison-Wesley series in computer science and information processing)},
 year = {1977},
 isbn = {0201000229},
 publisher = {Addison-Wesley Longman Publishing Co., Inc.},
 address = {Boston, MA, USA},
 }

@MISC{XML,
  author =       {{World Wide Web Consortium (W3C)}},
  title =        {Extensible Markup Language (XML)},
  year =         {1998},
  note =      {\url{http://www.w3.org/XML/}},
}


@book{tcpppl,
 author = {Bjarne Stroustrup},
 title = {The  C++ Programming Language},
 year = {2000},
 isbn = {0201700735},
 publisher = {Addison-Wesley Longman Publishing Co., Inc.},
 address = {Boston, MA, USA},
}

@book{patterns,
 author = {Erich Gamma and Richard Helm and Ralph Johnson and John Vlissides},
 title = {Design patterns: elements of reusable object-oriented software},
 year = {1995},
 isbn = {0-201-63361-2},
 publisher = {Addison-Wesley Longman Publishing Co., Inc.},
 address = {Boston, MA, USA},
 }